
@misc{apprentissage_sp,
	title = {Apprentissage semi-supervisé},
	copyright = {Creative Commons Attribution-ShareAlike License},
	url = {https://fr.wikipedia.org/w/index.php?title=Apprentissage_semi-supervis%C3%A9&oldid=119564802},
	abstract = {L'apprentissage semi-supervisé est une classe de techniques d'apprentissage automatique qui utilise un ensemble de données étiquetées et non-étiquetés. Il se situe ainsi entre l'apprentissage supervisé qui n'utilise que des données étiquetées et l'apprentissage non-supervisé qui n'utilise que des données non-étiquetées. Il a été démontré que l'utilisation de données non-étiquetées, en combinaison avec des données étiquetées, permet d'améliorer significativement la qualité de l'apprentissage. Un autre intérêt provient du fait que l'étiquetage de données nécessite l'intervention d'un utilisateur humain. Lorsque les jeux de données deviennent très grands, cette opération peut s'avérer fastidieuse. Dans ce cas, l'apprentissage semi-supervisé, qui ne nécessite que quelques étiquettes, revêt un intérêt pratique évident.
Un exemple d'apprentissage semi-supervisé est le coapprentissage, dans lequel deux classifieurs apprennent un ensemble de données, mais en utilisant chacun un ensemble de caractéristiques différentes, idéalement indépendantes. Si les données sont des individus à classer en hommes et femmes, l'un pourra utiliser la taille et l'autre la pilosité par exemple.},
	language = {fr},
	urldate = {2016-02-15},
	journal = {Wikipédia},
	month = oct,
	year = {2015},
	note = {Page Version ID: 119564802},
	file = {Snapshot:/home/thomas/.zotero/zotero/vqb76pmg.default/zotero/storage/P27U53EI/index.html:text/html}
}

@misc{apprentissage_np,
	title = {Apprentissage non supervisé},
	copyright = {Creative Commons Attribution-ShareAlike License},
	url = {https://fr.wikipedia.org/w/index.php?title=Apprentissage_non_supervis%C3%A9&oldid=123222753},
	abstract = {Dans le domaine informatique, l'apprentissage non supervisé (parfois dénommé « clustering ») est une méthode d'apprentissage automatique. Il s'agit pour un logiciel de diviser un groupe hétérogène de données, en sous-groupes de manière que les données considérées comme les plus similaires soient associées au sein d'un groupe homogène et qu'au contraire les données considérées comme différentes se retrouvent dans d'autres groupes distincts ; l'objectif étant de permettre une extraction de connaissance organisée à partir de ces données},
	language = {fr},
	urldate = {2016-02-15},
	journal = {Wikipédia},
	month = feb,
	year = {2016},
	note = {Page Version ID: 123222753},
	file = {Snapshot:/home/thomas/.zotero/zotero/vqb76pmg.default/zotero/storage/XAGUN2AU/index.html:text/html}
}

@misc{apprentissage_s,
	title = {Apprentissage supervisé},
	copyright = {Creative Commons Attribution-ShareAlike License},
	url = {https://fr.wikipedia.org/w/index.php?title=Apprentissage_supervis%C3%A9&oldid=123222743},
	abstract = {L'apprentissage supervisé (supervised learning en anglais) est une technique d'apprentissage automatique où l'on cherche à produire automatiquement des règles à partir d'une base de données d'apprentissage contenant des « exemples » (en général des cas déjà traités et validés).},
	language = {fr},
	urldate = {2016-02-15},
	journal = {Wikipédia},
	month = feb,
	year = {2016},
	note = {Page Version ID: 123222743},
	file = {Snapshot:/home/thomas/.zotero/zotero/vqb76pmg.default/zotero/storage/PSX93Q84/index.html:text/html}
}

@misc{apprentissage_gen,
	title = {Apprentissage automatique},
	copyright = {Creative Commons Attribution-ShareAlike License},
	url = {https://fr.wikipedia.org/w/index.php?title=Apprentissage_automatique&oldid=121369943},
	abstract = {L'apprentissage automatique ou apprentissage statistique (machine learning en anglais), champ d'étude de l'intelligence artificielle, concerne la conception, l'analyse, le développement et l'implémentation de méthodes permettant à une machine (au sens large) d'évoluer par un processus systématique, et ainsi de remplir des tâches difficiles ou impossibles à remplir par des moyens algorithmiques plus classiques.
L'analyse peut concerner des graphes, arbres, ou courbes (par exemple, la courbe d'évolution temporelle d'une mesure ; on parle alors de données continues, par opposition aux données discrètes associées à des attributs-valeurs classiques) au même titre que de simples grandeurs scalaires.
Un exemple possible d'apprentissage automatique est celui de la classification : étiqueter chaque donnée en l'associant à une classe. Différents systèmes d'apprentissage existent, listés ci-dessous.},
	language = {fr},
	urldate = {2016-02-15},
	journal = {Wikipédia},
	month = dec,
	year = {2015},
	note = {Page Version ID: 121369943},
	file = {Snapshot:/home/thomas/.zotero/zotero/vqb76pmg.default/zotero/storage/TVSNSZ4A/index.html:text/html}
}